@online{f1tenth,
    author    = "F1TENTH",
    title     = "Sito ufficiale",
    url       = "https://f1tenth.org"
}

@online{learnf1tenth,
    author    = "F1TENTH",
    title     = "Documentazione ufficiale",
    url       = "https://f1tenth.org/learn.html"
}

@article{doi:10.1126/scirobotics.abm6074,
    author = {Steven Macenski and Tully Foote and Brian Gerkey and Chris Lalancette and William Woodall},
    title = {Robot Operating System 2: Design, architecture, and uses in the wild},
    journal = {Science Robotics},
    volume = {7},
    number = {66},
    year = {2022},
    doi = {10.1126/scirobotics.abm6074},
    %pages = {eabm6074},
    %URL = {https://www.science.org/doi/abs/10.1126/scirobotics.abm6074}
}

@online{rosdocs,
    author    = "ROS 2",
    title     = "Concetti di ROS 2",
    url       = "https://docs.ros.org/en/humble/Concepts/Basic.html"
}

@online{middleware,
    author    = "Steven Gong",
    title     = "Middleware",
    url       = "https://stevengong.co/notes/Robot-Operating-System"
}

@article{Betz2022,
   title={Autonomous Vehicles on the Edge: A Survey on Autonomous Vehicle Racing},
   volume={3},
   doi={10.1109/ojits.2022.3181510},
   journal={IEEE Open Journal of Intelligent Transportation Systems},
   publisher={Institute of Electrical and Electronics Engineers (IEEE)},
   author={Betz, Johannes and Zheng, Hongrui and Liniger, Alexander and Rosolia, Ugo and Karle, Phillip and Behl, Madhur and Krovi, Venkat and Mangharam, Rahul},
   year={2022},
   pages={458–488} 
}

@online{diffcontrollers,
    author    = "Nantian Electronics",
    title     = "Differenza tra Open Loop e Closed Loop",
    url       = "https://www.ntchip.com/electronics-news/difference-between-open-loop-and-closed-loop"
}

@online{lect08control,
    author = "Wischnewski, Alexander and Karle, Phillip and Lienkamp, Markus",
    title = "Autonomous Driving Software Engineering - Lecture 08: Control",
    url = "https://www.researchgate.net/publication/352322266_Autonomous_Driving_Software_Engineering_-_Lecture_08_Control"
}

@online{f1tenthcoursel07,
    author        = "University of Pennsylvania",
    commentator   = "Zhijun Zhuang",
    title         = "Lezione 7 di F1TENTH", 
    subtitle      = "Filtering: Introduction to state estimation and recursive bayes filters",
    file          = "https://docs.google.com/presentation/d/1B0IlZtPmhF53mwVZndzxrNjBafZgwpddCs7g8lFJcTY",
    url           = "https://ahmadamine998.github.io/6150-Spring2024-Website/lectures/"
}

@online{f1tenthcoursel08,
    author        = "University of Pennsylvania",
    commentator   = "Rahul Mangharam",
    title         = "Lezione 8 di F1TENTH", 
    subtitle      = "Particle Filter: Mapping, localization, AMCL and particle filter Tuning",
    file          = "https://docs.google.com/presentation/d/1EAzm9A7FbAZFmA8l3ZNb2qjY_GqrLP0r-0uYwL0lLfs",
    url           = "https://ahmadamine998.github.io/6150-Spring2024-Website/lectures/"
}

@online{f1tenthcoursel09,
    author        = "University of Pennsylvania",
    commentator   = "Hongrui Zheng",
    title         = "Lezione 9 di F1TENTH", 
    subtitle      = "Introduction to Graph-based SLAM: Graph SLAM, Probability and Scan Matching, Sparse Pose Adjustment",
    file          = "https://docs.google.com/presentation/d/17Ef4lVkHAv2eUZNr8Tb549mbGYpCgCqqtjGaIiFPTlk",
    url           = "https://ahmadamine998.github.io/6150-Spring2024-Website/lectures/"
}

@online{f1tenthcoursel10,
    author        = "University of Pennsylvania",
    commentator   = "Rahul Mangharam e Hongrui Zheng",
    title         = "Lezione 10 di F1TENTH", 
    subtitle      = "Pure Pursuit as a geometric control method",
    file          = "https://docs.google.com/presentation/d/1jpnlQ7ysygTPCi8dmyZjooqzxNXWqMgO31ZhcOlKVOE",
    url           = "https://ahmadamine998.github.io/6150-Spring2024-Website/lectures/"
}

@online{f1tenthcoursel12,
    author        = "University of Pennsylvania",
    commentator   = "Rahul Mangharam e Hongrui Zheng",
    title         = "Lezione 12 di F1TENTH", 
    subtitle      = "Local Planning: RRT, Spline Based Planner",
    file          = "https://docs.google.com/presentation/d/1W9_nQ-mgeIkZSo40hkxwzSX2LjKGl3JTg72nzjMfnkg",
    url           = "https://ahmadamine998.github.io/6150-Spring2024-Website/lectures/"
}

@article{samplingbased,
    author = {Sertac Karaman and Emilio Frazzoli},
    title ={Sampling-based algorithms for optimal motion planning},
    
    journal = {The International Journal of Robotics Research},
    volume = {30},
    number = {7},
    pages = {846-894},
    year = {2011},
    doi = {10.1177/0278364911406761}
}

@online{f1tenthcoursel04,
    author        = "University of Pennsylvania",
    commentator   = "Rahul Mangharam e Hongrui Zheng",
    title         = "Lezione 4 di F1TENTH", 
    subtitle      = "PID for Wall Following: Introduction to reference tracking using PID control",
    file          = "https://docs.google.com/presentation/d/1FBSLRzHv0ZvpfQ74JkaB3zegwmMt_Qf4HvIYfyAa5B",
    url           = "https://ahmadamine998.github.io/6150-Spring2024-Website/lectures/"
}

@online{pidimg,
    author    = "PLCynergy",
    title     = "Schema di PID",
    url       = "https://plcynergy.com/pid-controller/"
}

@online{f1tenthcoursel13,
    author        = "University of Pennsylvania",
    commentator   = "Rahul Mangharam e Ahmad Amine",
    title         = "Lezione 13 di F1TENTH", 
    subtitle      = "Optimization Basics and MPC: Introduction to constrained optimal control, MPC formulation and application",
    file          = "https://docs.google.com/presentation/d/1FBSLRzHv0ZvpfQ74JkaB3zegwmMt_Qf4HvIYfyAa5B",
    url           = "https://ahmadamine998.github.io/6150-Spring2024-Website/lectures/"
}

@mastersthesis{racelinecontrol,
   author = {Olausson, Jacob and Larsson, Jacob},
   institution = {Linköping University, Vehicular Systems},
   pages = {82},
   school = {Linköping University, Vehicular Systems},
   title = {Optimal Control and Race Line Planning for an Autonomous Race Car},
   year = {2021}
}

@online{mpcpeters,
    author      = "Cyrill Stachniss",
    commentator = "Lasse Peters",
    title       = "Model Predictive Control - Part 1: Introduction to MPC",
    url         = "https://youtu.be/XaD8Lngfkzk"
}

@online{mpschema,
    author      = "Martin Behrendt",
    title       = "Schema di base di MPC",
    url         = "https://en.m.wikipedia.org/wiki/File:MPC_scheme_basic.svg"
}

@article{hierarchmpc,
  title={Optimization-based hierarchical motion planning for autonomous racing},
  author={Vázquez, José L. and Brühlmeier, Marius and Liniger, Alexander and Rupenyan, Alisa and Lygeros, John},
  journal={2020 IEEE/RSJ international conference on intelligent robots and systems (IROS)},
  pages={2397--2403},
  year={2020},
  organization={IEEE},
  doi={10.1109/IROS45743.2020.9341731}
}

@inproceedings{Althoff2017a,
	author = {Althoff, Matthias and Koschi, Markus and Manzinger, Stefanie},
	title = {CommonRoad: Composable benchmarks for motion planning on roads},
	booktitle = {Proc. of the IEEE Intelligent Vehicles Symposium},
	year = {2017},
}

@article{jain2020bayesrace,
  title={BayesRace: Learning to race autonomously using prior experience},
  author={Jain, Achin and O'Kelly, Matthew and Chaudhari, Pratik and Morari, Manfred},
  journal={arXiv preprint arXiv:2005.04755},
  year={2020}
}

@article{osqp,
  author  = {Stellato, B. and Banjac, G. and Goulart, P. and Bemporad, A. and Boyd, S.},
  title   = {{OSQP}: an operator splitting solver for quadratic programs},
  journal = {Mathematical Programming Computation},
  volume  = {12},
  number  = {4},
  pages   = {637--672},
  year    = {2020},
  doi     = {10.1007/s12532-020-00179-2},
  url     = {https://doi.org/10.1007/s12532-020-00179-2},
}

@online{f1tenthtracks,
    author    = "F1TENTH",
    title     = "F1TENTH Racetracks",
    url       = "https://github.com/f1tenth/f1tenth_racetracks"
}

@article{dighe2023kinematics,
  title={Kinematics-only differential flatness based trajectory tracking for autonomous racing},
  author={Dighe, Yashom and Kim, Youngjin and Rajguru, Smit and Turkar, Yash and Singh, Tarunraj and Dantu, Karthik},
  journal={2023 IEEE/RSJ International Conference on Intelligent Robots and Systems (IROS)},
  pages={1629--1636},
  year={2023},
  organization={IEEE},
  doi={10.1109/IROS55552.2023.10341603}
}

@article{becker2023model,
  author={Becker, Jonathan and Imholz, Nadine and Schwarzenbach, Luca and Ghignone, Edoardo and Baumann, Nicolas and Magno, Michele},
  title={Model-and acceleration-based pursuit controller for high-performance autonomous racing},
  journal={2023 IEEE International Conference on Robotics and Automation (ICRA)},
  pages={5276--5283},
  year={2023},
  organization={IEEE},
  doi={10.1109/ICRA48891.2023.10161472}
}

@misc{xue2023lmpc,
      title={Learning Model Predictive Control with Error Dynamics Regression for Autonomous Racing}, 
      author={Haoru Xue and Edward L. Zhu and Francesco Borrelli},
      year={2023},
      eprint={2309.10716},
      archivePrefix={arXiv},
      primaryClass={cs.RO}
}

@inproceedings{xue2024learning,
  author={Xue, Haoru and Zhu, Edward L. and Dolan, John M. and Borrelli, Francesco},
  title={Learning Model Predictive Control with Error Dynamics Regression for Autonomous Racing}, 
  booktitle={2024 IEEE International Conference on Robotics and Automation (ICRA)}, 
  year={2024},
  pages={13250--13256},
  doi={10.1109/ICRA57147.2024.10611628}
}

@article{rosolia2019learning,
  title={Learning how to autonomously race a car: a predictive control approach},
  author={Rosolia, Ugo and Borrelli, Francesco},
  journal={IEEE Transactions on Control Systems Technology},
  volume={28},
  number={6},
  pages={2713--2719},
  year={2019},
  publisher={IEEE}
}

@article{TATULEACODREAN20206031,
    title = {Design and Simulation of a Machine-learning and Model Predictive Control Approach to Autonomous Race Driving for the F1/10 Platform},
    author = {Alexandra Tătulea-Codrean and Tommaso Mariani and Sebastian Engell},
    journal = {IFAC-PapersOnLine},
    volume = {53},
    number = {2},
    pages = {6031--6036},
    year = {2020},
    issn = {2405-8963},
    doi = {https://doi.org/10.1016/j.ifacol.2020.12.1669}
}

@article{fuchs2021super,
  title={Super-human performance in gran turismo sport using deep reinforcement learning},
  author={Fuchs, Florian and Song, Yunlong and Kaufmann, Elia and Scaramuzza, Davide and D{\"u}rr, Peter},
  journal={IEEE Robotics and Automation Letters},
  volume={6},
  number={3},
  pages={4257--4264},
  year={2021},
  publisher={IEEE}
}
